@inproceedings{cheng2015flock,
  title={Flock: Hybrid crowd-machine learning classifiers},
  author={Cheng, Justin and Bernstein, Michael S},
  booktitle={Proceedings of the 18th ACM Conference on Computer Supported Cooperative Work \& Social Computing},
  pages={600--611},
  year={2015},
  organization={ACM}
}

@inproceedings{brooks2015featureinsight,
  title={FeatureInsight: Visual support for error-driven feature ideation in text classification},
  author={Brooks, Michael and Amershi, Saleema and Lee, Bongshin and Drucker, Steven M and Kapoor, Ashish and Simard, Patrice},
  booktitle={Visual Analytics Science and Technology (VAST), 2015 IEEE Conference on},
  pages={105--112},
  year={2015},
  organization={IEEE}
}


@article{stumpf2009interacting,
  title={Interacting meaningfully with machine learning systems: Three experiments},
  author={Stumpf, Simone and Rajaram, Vidya and Li, Lida and Wong, Weng-Keen and Burnett, Margaret and Dietterich, Thomas and Sullivan, Erin and Herlocker, Jonathan},
  journal={International Journal of Human-Computer Studies},
  volume={67},
  number={8},
  pages={639--662},
  year={2009},
  publisher={Elsevier}
}


@inproceedings{parkes2012turkserver,
  title={Turkserver: Enabling synchronous and longitudinal online experiments},
  author={Parkes, David C and Mao, Andrew and Chen, Yiling and Gajos, Krzysztof Z and Procaccia, Ariel and Zhang, Haoqi},
  booktitle={Proceedings of the Fourth Workshop on Human Computation (HCOMP'12)},
  year={2012},
  organization={AAAI Press}
}
@book{gazzaniga2013integrated,
  title={The integrated mind},
  author={Gazzaniga, Michael S and LeDoux, Joseph E},
  year={2013},
  publisher={Springer Science \& Business Media}
}


@inproceedings{amershi2012regroup,
  title={Regroup: Interactive machine learning for on-demand group creation in social networks},
  author={Amershi, Saleema and Fogarty, James and Weld, Daniel},
  booktitle={Proceedings of the SIGCHI Conference on Human Factors in Computing Systems},
  pages={21--30},
  year={2012},
  organization={ACM}
}

@article{kulesza2011oriented,
  title={Why-oriented end-user debugging of naive Bayes text classification},
  author={Kulesza, Todd and Stumpf, Simone and Wong, Weng-Keen and Burnett, Margaret M and Perona, Stephen and Ko, Andrew and Oberst, Ian},
  journal={ACM Transactions on Interactive Intelligent Systems (TiiS)},
  volume={1},
  number={1},
  pages={2},
  year={2011},
  publisher={ACM}
}

@inproceedings{kulesza2015principles,
  title={Principles of explanatory debugging to personalize interactive machine learning},
  author={Kulesza, Todd and Burnett, Margaret and Wong, Weng-Keen and Stumpf, Simone},
  booktitle={Proceedings of the 20th International Conference on Intelligent User Interfaces},
  pages={126--137},
  year={2015},
  organization={ACM}
}


@inproceedings{fiebrink2011human,
  title={Human model evaluation in interactive supervised learning},
  author={Fiebrink, Rebecca and Cook, Perry R and Trueman, Dan},
  booktitle={Proceedings of the SIGCHI Conference on Human Factors in Computing Systems},
  pages={147--156},
  year={2011},
  organization={ACM}
}



@article{stumpf2009interacting,
  title={Interacting meaningfully with machine learning systems: Three experiments},
  author={Stumpf, Simone and Rajaram, Vidya and Li, Lida and Wong, Weng-Keen and Burnett, Margaret and Dietterich, Thomas and Sullivan, Erin and Herlocker, Jonathan},
  journal={International Journal of Human-Computer Studies},
  volume={67},
  number={8},
  pages={639--662},
  year={2009},
  publisher={Elsevier}
}

@inproceedings{kulesza2015principles,
  title={Principles of explanatory debugging to personalize interactive machine learning},
  author={Kulesza, Todd and Burnett, Margaret and Wong, Weng-Keen and Stumpf, Simone},
  booktitle={Proceedings of the 20th International Conference on Intelligent User Interfaces},
  pages={126--137},
  year={2015},
  organization={ACM}
}

@inproceedings{ramos2003using,
  title={Using tf-idf to determine word relevance in document queries},
  author={Ramos, Juan and others},
  booktitle={Proceedings of the first instructional conference on machine learning},
  year={2003}
}

@article{kent1983information,
  title={Information gain and a general measure of correlation},
  author={Kent, John T},
  journal={Biometrika},
  volume={70},
  number={1},
  pages={163--173},
  year={1983},
  publisher={Biometrika Trust}
}

@inproceedings{brooks2015featureinsight,
  title={FeatureInsight: Visual support for error-driven feature ideation in text classification},
  author={Brooks, Michael and Amershi, Saleema and Lee, Bongshin and Drucker, Steven M and Kapoor, Ashish and Simard, Patrice},
  booktitle={Visual Analytics Science and Technology (VAST), 2015 IEEE Conference on},
  pages={105--112},
  year={2015},
  organization={IEEE}
}

@article{krause2014infuse,
  title={INFUSE: interactive feature selection for predictive modeling of high dimensional data},
  author={Krause, Josua and Perer, Adam and Bertini, Enrico},
  journal={IEEE Transactions on Visualization and Computer Graphics},
  volume={20},
  number={12},
  pages={1614--1623},
  year={2014},
  publisher={IEEE}
}

@article{heimerl2012visual,
  title={Visual classifier training for text document retrieval},
  author={Heimerl, Florian and Koch, Steffen and Bosch, Harald and Ertl, Thomas},
  journal={IEEE Transactions on Visualization and Computer Graphics},
  volume={18},
  number={12},
  pages={2839--2848},
  year={2012},
  publisher={IEEE}
}

@inproceedings{Brown2016HumanMachineLearnerIT,
  title={Human-Machine-Learner Interaction: The Best of Both Worlds},
  author={Eli T. Brown and Remco Chang and Alex Endert},
  year={2016}
}


@article{ren2017squares,
  title={Squares: Supporting Interactive Performance Analysis for Multiclass Classifiers},
  author={Ren, Donghao and Amershi, Saleema and Lee, Bongshin and Suh, Jina and Williams, Jason D},
  journal={IEEE Transactions on Visualization and Computer Graphics},
  volume={23},
  number={1},
  pages={61--70},
  year={2017},
  publisher={IEEE}
}

@article{tam2017analysis,
  title={An Analysis of Machine-and Human-Analytics in Classification},
  author={Tam, Gary KL and Kothari, Vivek and Chen, Min},
  journal={IEEE Transactions on Visualization and Computer Graphics},
  volume={23},
  number={1},
  pages={71--80},
  year={2017},
  publisher={IEEE}
}

@article{alsallakh2014visual,
  title={Visual methods for analyzing probabilistic classification data},
  author={Alsallakh, Bilal and Hanbury, Allan and Hauser, Helwig and Miksch, Silvia and Rauber, Andreas},
  journal={IEEE transactions on visualization and computer graphics},
  volume={20},
  number={12},
  pages={1703--1712},
  year={2014},
  publisher={IEEE}
}

@inproceedings{vonAhn:2004:LIC:985692.985733,
 author = {von Ahn, Luis and Dabbish, Laura},
 title = {Labeling Images with a Computer Game},
 booktitle = {Proceedings of the SIGCHI Conference on Human Factors in Computing Systems},
 series = {CHI '04},
 year = {2004},
 isbn = {1-58113-702-8},
 location = {Vienna, Austria},
 pages = {319--326},
 numpages = {8},
 url = {http://doi.acm.org/10.1145/985692.985733},
 doi = {10.1145/985692.985733},
 acmid = {985733},
 publisher = {ACM},
 address = {New York, NY, USA},
 keywords = {World Wide Web, distributed knowledge acquisition, image labeling, online games},
} 

@inproceedings{ho2009kisskissban,
  title={KissKissBan: a competitive human computation game for image annotation},
  author={Ho, Chien-Ju and Chang, Tao-Hsuan and Lee, Jong-Chuan and Hsu, Jane Yung-jen and Chen, Kuan-Ta},
  booktitle={Proceedings of the acm sigkdd workshop on human computation},
  pages={11--14},
  year={2009},
  organization={ACM}
}

@inproceedings{vonAhn:2006:PGL:1124772.1124782,
 author = {von Ahn, Luis and Liu, Ruoran and Blum, Manuel},
 title = {Peekaboom: A Game for Locating Objects in Images},
 booktitle = {Proceedings of the SIGCHI Conference on Human Factors in Computing Systems},
 series = {CHI '06},
 year = {2006},
 isbn = {1-59593-372-7},
 location = {Montr\&\#233;al, Qu\&\#233;bec, Canada},
 pages = {55--64},
 numpages = {10},
 url = {http://doi.acm.org/10.1145/1124772.1124782},
 doi = {10.1145/1124772.1124782},
 acmid = {1124782},
 publisher = {ACM},
 address = {New York, NY, USA},
 keywords = {computer vision, distributed knowledge acquisition, object recognition, object segmentation, web-based games},
} 

@inproceedings{Seneviratne:2010:IFI:1743384.1743473,
 author = {Seneviratne, Lasantha and Izquierdo, Ebroul},
 title = {An Interactive Framework for Image Annotation Through Gaming},
 booktitle = {Proceedings of the International Conference on Multimedia Information Retrieval},
 series = {MIR '10},
 year = {2010},
 isbn = {978-1-60558-815-5},
 location = {Philadelphia, Pennsylvania, USA},
 pages = {517--526},
 numpages = {10},
 url = {http://doi.acm.org/10.1145/1743384.1743473},
 doi = {10.1145/1743384.1743473},
 acmid = {1743473},
 publisher = {ACM},
 address = {New York, NY, USA},
 keywords = {human computation, interactive gaming, mpeg-7 features and object recognition, semantic annotation},
} 

@inproceedings{walsh2010curator,
  title={Curator: a game with a purpose for collection recommendation},
  author={Walsh, Greg and Golbeck, Jennifer},
  booktitle={Proceedings of the SIGCHI Conference on Human Factors in Computing Systems},
  pages={2079--2082},
  year={2010},
  organization={ACM}
}

@inproceedings{von2006verbosity,
  title={Verbosity: a game for collecting common-sense facts},
  author={Von Ahn, Luis and Kedia, Mihir and Blum, Manuel},
  booktitle={Proceedings of the SIGCHI conference on Human Factors in computing systems},
  pages={75--78},
  year={2006},
  organization={ACM}
}

@inproceedings{law2007tagatune,
  title={TagATune: A Game for Music and Sound Annotation.},
  author={Law, Edith LM and Von Ahn, Luis and Dannenberg, Roger B and Crawford, Mike}
}

@inproceedings{trivedi2015interactive,
  title={An Interactive Tool for Natural Language Processing on Clinical Text},
  author={Trivedi, Gaurav and Pham, Phuong and Chapman, Wendy and Hwa, Rebecca and Wiebe, Janyce and Hochheiser, Harry},
  booktitle={4th Workshop on Visual Text Analytics (IUI TextVis 2015), Atlanta. http://vialab. science. uoit. ca/textvis2015/[PDF]},
  year={2015}
}

@article{hoffmann2015extreme,
  title={Extreme extraction: Only one hour per relation},
  author={Hoffmann, Raphael and Zettlemoyer, Luke and Weld, Daniel S},
  journal={arXiv preprint arXiv:1506.06418},
  year={2015}
}

@inproceedings{patel2008investigating,
  title={Investigating statistical machine learning as a tool for software development},
  author={Patel, Kayur and Fogarty, James and Landay, James A and Harrison, Beverly},
  booktitle={Proceedings of the SIGCHI Conference on Human Factors in Computing Systems},
  pages={667--676},
  year={2008},
  organization={ACM}
}

@article{forman2003extensive,
  title={An extensive empirical study of feature selection metrics for text classification},
  author={Forman, George},
  journal={Journal of machine learning research},
  volume={3},
  number={Mar},
  pages={1289--1305},
  year={2003}
}

@inproceedings{cheng2015flock,
  title={Flock: Hybrid crowd-machine learning classifiers},
  author={Cheng, Justin and Bernstein, Michael S},
  booktitle={Proceedings of the 18th ACM Conference on Computer Supported Cooperative Work \& Social Computing},
  pages={600--611},
  year={2015},
  organization={ACM}
}


@Misc{turkserver,
howpublished = {\url{http://turkserver.readthedocs.io/en/latest/}},
note = {Accessed June 6, 2016},
title = {Guide to using Turkserver},
}