@article{stumpf2009interacting,
  title={Interacting meaningfully with machine learning systems: Three experiments},
  author={Stumpf, Simone and Rajaram, Vidya and Li, Lida and Wong, Weng-Keen and Burnett, Margaret and Dietterich, Thomas and Sullivan, Erin and Herlocker, Jonathan},
  journal={International Journal of Human-Computer Studies},
  volume={67},
  number={8},
  pages={639--662},
  year={2009},
  publisher={Elsevier}
}

@inproceedings{kulesza2015principles,
  title={Principles of explanatory debugging to personalize interactive machine learning},
  author={Kulesza, Todd and Burnett, Margaret and Wong, Weng-Keen and Stumpf, Simone},
  booktitle={Proceedings of the 20th International Conference on Intelligent User Interfaces},
  pages={126--137},
  year={2015},
  organization={ACM}
}

@inproceedings{ramos2003using,
  title={Using tf-idf to determine word relevance in document queries},
  author={Ramos, Juan and others},
  booktitle={Proceedings of the first instructional conference on machine learning},
  year={2003}
}

@article{kent1983information,
  title={Information gain and a general measure of correlation},
  author={Kent, John T},
  journal={Biometrika},
  volume={70},
  number={1},
  pages={163--173},
  year={1983},
  publisher={Biometrika Trust}
}

@inproceedings{brooks2015featureinsight,
  title={FeatureInsight: Visual support for error-driven feature ideation in text classification},
  author={Brooks, Michael and Amershi, Saleema and Lee, Bongshin and Drucker, Steven M and Kapoor, Ashish and Simard, Patrice},
  booktitle={Visual Analytics Science and Technology (VAST), 2015 IEEE Conference on},
  pages={105--112},
  year={2015},
  organization={IEEE}
}

@article{krause2014infuse,
  title={INFUSE: interactive feature selection for predictive modeling of high dimensional data},
  author={Krause, Josua and Perer, Adam and Bertini, Enrico},
  journal={IEEE Transactions on Visualization and Computer Graphics},
  volume={20},
  number={12},
  pages={1614--1623},
  year={2014},
  publisher={IEEE}
}

@article{heimerl2012visual,
  title={Visual classifier training for text document retrieval},
  author={Heimerl, Florian and Koch, Steffen and Bosch, Harald and Ertl, Thomas},
  journal={IEEE Transactions on Visualization and Computer Graphics},
  volume={18},
  number={12},
  pages={2839--2848},
  year={2012},
  publisher={IEEE}
}

@inproceedings{Brown2016HumanMachineLearnerIT,
  title={Human-Machine-Learner Interaction: The Best of Both Worlds},
  author={Eli T. Brown and Remco Chang and Alex Endert},
  year={2016}
}


@article{ren2017squares,
  title={Squares: Supporting Interactive Performance Analysis for Multiclass Classifiers},
  author={Ren, Donghao and Amershi, Saleema and Lee, Bongshin and Suh, Jina and Williams, Jason D},
  journal={IEEE Transactions on Visualization and Computer Graphics},
  volume={23},
  number={1},
  pages={61--70},
  year={2017},
  publisher={IEEE}
}

@article{tam2017analysis,
  title={An Analysis of Machine-and Human-Analytics in Classification},
  author={Tam, Gary KL and Kothari, Vivek and Chen, Min},
  journal={IEEE Transactions on Visualization and Computer Graphics},
  volume={23},
  number={1},
  pages={71--80},
  year={2017},
  publisher={IEEE}
}

@article{alsallakh2014visual,
  title={Visual methods for analyzing probabilistic classification data},
  author={Alsallakh, Bilal and Hanbury, Allan and Hauser, Helwig and Miksch, Silvia and Rauber, Andreas},
  journal={IEEE transactions on visualization and computer graphics},
  volume={20},
  number={12},
  pages={1703--1712},
  year={2014},
  publisher={IEEE}
}
